@inproceedings{amelifard2005closing,
  title={Closing the gap between carry select adder and ripple carry adder: a new class of low-power high-performance adders},
  author={Amelifard, Behnam and Fallah, Farzan and Pedram, Massoud},
  booktitle={Sixth International Symposium on Quality of Electronic Design},
  pages={148--152},
  year={2005}
}

